<record><leader>00000cas a2200000 a 4500</leader><controlfield tag="001">40140143</controlfield><controlfield tag="008">981020d19761991iluwr ne      0    0eng c</controlfield><datafield ind1=" " ind2=" " tag="010"><subfield code="a">sn2001061205</subfield></datafield><datafield ind1=" " ind2=" " tag="040"><subfield code="a">JDP</subfield><subfield code="b">eng</subfield><subfield code="c">JDP</subfield><subfield code="d">CVF</subfield><subfield code="d">OCLCQ</subfield><subfield code="d">OCLCF</subfield><subfield code="d">OCLCO</subfield></datafield><datafield ind1="1" ind2=" " tag="029"><subfield code="a">AU@</subfield><subfield code="b">000022280733</subfield></datafield><datafield ind1=" " ind2=" " tag="042"><subfield code="a">pcc</subfield></datafield><datafield ind1=" " ind2=" " tag="043"><subfield code="a">n-us-il</subfield></datafield><datafield ind1="0" ind2="0" tag="245"><subfield code="a">Western Springs sun.</subfield></datafield><datafield ind1="3" ind2="0" tag="246"><subfield code="a">Sun</subfield></datafield><datafield ind1=" " ind2=" " tag="260"><subfield code="a">La Grange, Ill. :</subfield><subfield code="b">Sun Newspapers, Inc.</subfield></datafield><datafield ind1=" " ind2=" " tag="300"><subfield code="a">v.</subfield></datafield><datafield ind1=" " ind2=" " tag="310"><subfield code="a">Weekly (except for biweekly the third week in Nov.)</subfield></datafield><datafield ind1="1" ind2=" " tag="362"><subfield code="a">Began in 1976; ceased with vol. 16, no. 17 (Apr. 24, 1991).</subfield></datafield><datafield ind1=" " ind2=" " tag="500"><subfield code="a">Published on Wednesdays.</subfield></datafield><datafield ind1=" " ind2=" " tag="500"><subfield code="a">Published: Rio Zorro Publications, -1991.</subfield></datafield><datafield ind1=" " ind2=" " tag="588"><subfield code="a">Description based on: Vol. 12, no. 42 (Oct. 21, 1987).</subfield></datafield><datafield ind1=" " ind2="0" tag="651"><subfield code="a">Western Springs (Ill.)</subfield><subfield code="v">Newspapers.</subfield></datafield><datafield ind1=" " ind2="7" tag="655"><subfield code="a">Newspapers.</subfield><subfield code="2">fast</subfield><subfield code="0">(OCoLC)fst01423814</subfield></datafield><datafield ind1=" " ind2="7" tag="651"><subfield code="a">Illinois</subfield><subfield code="z">Western Springs.</subfield><subfield code="2">fast</subfield><subfield code="0">(OCoLC)fst01204790</subfield></datafield><datafield ind1=" " ind2=" " tag="752"><subfield code="a">United States</subfield><subfield code="b">Illinois</subfield><subfield code="c">Cook</subfield><subfield code="d">La Grange.</subfield></datafield></record>